% put bibtex entries here!
@Book{plotly,
    author = {Carson Sievert},
    title = {{Interactive Web-Based Data Visualizatio}n with R, plotly, and shiny},
    publisher = {Chapman and Hall/CRC},
    year = {2020},
    isbn = {9781138331457},
    url = {https://plotly-r.com},
  }

@Manual{crosstalk,
  title = {{crosstalk}: Inter-Widget Interactivity for HTML Widgets},
  author = {Joe Cheng and Carson Sievert},
  year = {2021},
  note = {R package version 1.1.1},
  url = {https://CRAN.R-project.org/package=crosstalk},
}

@article{RJ-2021-050,
  author = {Earo Wang and Dianne Cook},
  title = {Conversations in time: interactive visualisation to explore
          structured temporal data},
  year = {2021},
  journal = {The R Journal},
  doi = {10.32614/RJ-2021-050},
  url = {https://journal.r-project.org/archive/2021/RJ-2021-050/index.html}
}
@Manual{palmerpenguins,
  title = {{palmerpenguins}: Palmer Archipelago (Antarctica) penguin data},
  author = {Allison Marie Horst and Alison Presmanes Hill and Kristen B Gorman},
  year = {2020},
  note = {R package version 0.1.0},
  url = {https://allisonhorst.github.io/palmerpenguins/},
}
@Manual{matRiks,
    title = {matRiks: Generates Raven-Like Matrices According to Rules},
    author = {Andrea Brancaccio and Ottavia M. Epifania and Debora {de Chiusole}},
    year = {2023},
    note = {R package version 0.1.1},
    url = {https://CRAN.R-project.org/package=matRiks},
  }
@incollection{raven2004,
	title = {Manual for {Raven}'s {Progressive} {Matrices} and {Vocabulary} {Scales}, {Section} 3: {The} {Standard} {Progressive} {Matrices}, {Including} the {Parallel} and {Plus} {Versions}. 2000 {Edition}, updated 2004},
	shorttitle = {Manual for {Raven}'s {Progressive} {Matrices} and {Vocabulary} {Scales}, {Section} 3},
	author = {Raven, John and  Raven, H.},
	month = dec,
	year = {2004},
	pages = {Section 3},
}

@article{fort,
	title = {How {Much} g {Is} in the {Distractor}? {Re}-{Thinking} {Item}-{Analysis} of {Multiple}-{Choice} {Items}},
	volume = {8},
	issn = {2079-3200},
	shorttitle = {How {Much} g {Is} in the {Distractor}?},
	doi = {10.3390/jintelligence8010011},
	language = {eng},
	number = {1},
	journal = {Journal of Intelligence},
	author = {Forthmann, Boris and Förster, Natalie and Schütze, Birgit and Hebbecker, Karin and Flessner, Janis and Peters, Martin T. and Souvignier, Elmar},
	month = mar,
	year = {2020},
	pmid = {32182841},
	pmcid = {PMC7151189},
	keywords = {distractors, intelligence, item analysis, Raven’s progressive matrices},
	pages = {11},
}

@article{kunda,
	title = {Error patterns on the {Raven}'s {Standard} {Progressive} {Matrices} {Test}},
	volume = {59},
	issn = {0160-2896},
	url = {https://www.sciencedirect.com/science/article/pii/S0160289616300149},
	doi = {10.1016/j.intell.2016.09.004},
	urldate = {2023-05-17},
	journal = {Intelligence},
	author = {Kunda, Maithilee and Soulières, Isabelle and Rozga, Agata and Goel, Ashok K.},
	month = {nov},
	year = {2016},
	pages = {181--198}
}

@article{storme,
	title = {Same {Test}, {Better} {Scores}: {Boosting} the {Reliability} of {Short} {Online} {Intelligence} {Recruitment} {Tests} with {Nested} {Logit} {Item} {Response} {Theory} {Models}},
	volume = {7},
	copyright = {http://creativecommons.org/licenses/by/3.0/},
	issn = {2079-3200},
	shorttitle = {Same {Test}, {Better} {Scores}},
	url = {https://www.mdpi.com/2079-3200/7/3/17},
	doi = {10.3390/jintelligence7030017},
	language = {en},
	number = {3},
	urldate = {2023-05-17},
	journal = {Journal of Intelligence},
	author = {Storme, Martin and Myszkowski, Nils and Baron, Simon and Bernard, David},
	month = sep,
	year = {2019},
	note = {Number: 3
Publisher: Multidisciplinary Digital Publishing Institute},
	keywords = {ability-based guessing, E-assessment, general mental ability, item-response theory, nested logit models},
	pages = {17},
}
@article{cattell1963,
  title={Theory of fluid and crystallized intelligence: A critical experiment.},
  author={Cattell, Raymond B},
  journal={Journal of educational psychology},
  volume={54},
  number={1},
  pages={1},
  year={1963},
  publisher={American Psychological Association}, 
doi={https://doi.org/10.1037/h0046743}}
@book{cattell1987,
  title={Intelligence: Its structure, growth and action},
  author={Cattell, Raymond Bernard},
  year={1987},
  publisher={Elsevier}
}
@misc{cattell1971,
  title={Abilities: their structure, growth, and action},
  author={Jensen, Arthur R},
  year={1974},
  publisher={JSTOR}
}
@article{cattell1963,
  title={Theory of fluid and crystallized intelligence: A critical experiment.},
  author={Cattell, Raymond B},
  journal={Journal of educational psychology},
  volume={54},
  number={1},
  pages={1},
  year={1963},
  publisher={American Psychological Association}, 
doi={https://doi.org/10.1037/h0046743}}
@article{raven1962,
  title={Coloured Progressive Matrices, Sets A, A\_B, B},
  author={Raven, John C},
  journal={HK Lewis},
  year={1962}
}
@article{raven1938,
  title={Raven’s progressive matrices},
  author={ea Raven, JC},
  journal={Western Psychological Services},
  volume={2},
  pages={5},
  year={1938}
}